% Pandoc, LaTeX and attributions
@online{persimmon,
	title = {Persimmon docs},
	author = {Álvaro Bermejo},
	url = {https://github.com/AlvarBer/Persimmon/tree/master/docs},
	year = {2017},
	urldate = {2017-03-13},
}

@online{emerald,
  title = {emerald-harvard.csl},
  author = {Sebastian Karcher},
  url = {https://github.com/citation-style-language/styles/blob/master/emerald-harvard.csl},
  year = {2015},
  urldate = {2016-12-16},
}

@online{pgfgantt,
  title = {A LaTeX package for drawing gantt plots using pgf},
  author = {Wolfgang Skala},
  year = {2011},
  url = {https://www.ctan.org/pkg/pgfgantt},
  urldate = {2016-12-16},
}

@online{pandoc,
  title = {Pandoc: a universal document converter},
  author = {John MacFarlane},
  year = {2006},
  url = {https://www.pandoc.org},
  urldate = {2016-12-16},
}

% ANTLRv4

@online{antlr4,
	title 	= {ANTLRv4},
	author 	= {Terence Parr},
	year 		= {2013},
	url 		= {http://www.antlr.org/about.html},
	urldate	= {2017-05-02},
}

@book{antlr4ref,
 author = {Parr, Terence},
 title = {The Definitive ANTLR 4 Reference},
 year = {2013},
 isbn = {1934356999, 9781934356999},
 edition = {2nd},
 publisher = {Pragmatic Bookshelf},
}

@online{antlr4cpp,
	title 	= {ANLR4-C++},
	author 	= {Sam Harwell},
	year 		= {2016},
	url 		= {http://www.soft-gems.net/index.php/tools/49-the-antlr4-c-target-is-here},
	urldate	= {2017-05-02},
}

@online{antlr4point7,
	title 	= {4.7},
	author 	= {Terence Parr},
	year 		= {2017},
	url 		= {https://github.com/antlr/antlr4/tree/c8d9749be101aa24947aebc706ba8ee8300e84ae},
	urldate	= {2017-05-02},
}

@online{antlr4cmake,
	title 	= {Antlr4 for C++ with CMake: A practical example},
	author 	= {Borja Lorente},
	year 		= {2017},
	url 		= {http://blorente.me//Antlr-,-C++-and-CMake-Wait-what.html},
	urldate	= {2017-05-02},
}

% Grace

@online{grace_in_one_page,
	title 	= {//Grace in one page},
	author 	= {James Noble},
	year 		= {2014},
	url 		= {http://gracelang.org/applications/documentation/grace-in-one-page/},
	urldate	= {2017-05-02},
}

@online{gracespec,
	title 	= {Grace Language Specification},
	author 	= {Grace},
	year 		= {2016},
	url 		= {http://gracelang.org/documents/grace-spec-0.7.0.html},
	urldate	= {2017-05-02},
}

@inproceedings{gracepapersoftwareengineering,
  title={Designing Grace: Can an introductory programming language support the teaching of software engineering?},
  author={Noble, James and Homer, Michael and Bruce, Kim B and Black, Andrew P},
  booktitle={Software Engineering Education and Training (CSEE\&T), 2013 IEEE 26th Conference on},
  pages={219--228},
  year={2013},
  organization={IEEE}
}

@inproceedings{gracefunctionalandimperative,
  title={Seeking Grace: a new object-oriented language for novices},
  author={Black, Andrew P and Bruce, Kim B and Homer, Michael and Noble, James and Ruskin, Amy and Yannow, Richard},
  booktitle={Proceeding of the 44th ACM technical symposium on Computer science education},
  pages={129--134},
  year={2013},
  organization={ACM}
}


% Minigrace

@article{matthomerthesis,
  title={Graceful language extensions and interfaces},
  author={Homer, Michael},
  year={2014},
  publisher={Victoria University of Wellington}
}


@inproceedings{gracedifficulty,
 author = {Black, Andrew P. and Bruce, Kim B. and Homer, Michael and Noble, James},
 title = {Grace: The Absence of (Inessential) Difficulty},
 booktitle = {Proceedings of the ACM International Symposium on New Ideas, New Paradigms, and Reflections on Programming and Software},
 series = {Onward! 2012},
 year = {2012},
 isbn = {978-1-4503-1562-3},
 location = {Tucson, Arizona, USA},
 pages = {85--98},
 numpages = {14},
 url = {http://doi.acm.org/10.1145/2384592.2384601},
 doi = {10.1145/2384592.2384601},
 acmid = {2384601},
 publisher = {ACM},
 address = {New York, NY, USA},
 keywords = {grace},
}

@online{minigracepage,
	title 	= {Minigrace webpage},
	author 	= {Grace},
	year 		= {2017},
	url 		= {http://gracelang.org/applications/grace-versions/minigrace/},
	urldate	= {2017-05-05},
}

@online{minigracerepo,
	title 	= {Minigrace source code},
	author 	= {Matt Homer},
	year 		= {2017},
	url 		= {https://github.com/gracelang/minigrace},
	urldate	= {2017-05-05},
}

% C++, CMake

@online{catchcpp,
	title 	= {A modern, C++-native, header-only, framework for unit-tests, TDD and BDD C++ Automated Test Cases in Headers},
	author 	= {Phil Nash},
	year 		= {2014},
	url 		= {https://github.com/philsquared/Catch},
	urldate	= {2017-05-02},
}

@online{memoryownership,	
	title 	= {Using C++11’s Smart Pointers},
	author 	= {David Kieras},
	year 		= {2016},
	url 		= {http://www.umich.edu/~eecs381/handouts/C++11_smart_ptrs.pdf},
	urldate	= {2017-05-22},
}

@book{circularreferenceproblem,
  title={The garbage collection handbook: the art of automatic memory management},
  author={Jones, Richard and Hosking, Antony and Moss, Eliot},
  year={2016},
  publisher={CRC Press}
}


% JLS Thesis

@phdthesis{jlsthesis,
  title={Hacia un paradigma documental de desarrollo de aplicaciones},
  author={Sierra, JL},
  year={2004},
  school={Tesis doctoral Universidad Complutense de Madrid}
}

@book{aho1986compilers,
  title={Compilers, Principles, Techniques},
  author={Aho, Alfred V and Sethi, Ravi and Ullman, Jeffrey D},
  year={1986},
  publisher={Addison wesley Boston}
}

@phdthesis{espinosa1995semantic,
  title={Semantic lego},
  author={Espinosa, David A},
  year={1995},
  school={Citeseer}
}

% Misc

@article{standard1996ebnf,
  title={Ebnf: Iso/iec 14977: 1996 (e)},
  author={Standard, EBNF Syntaxt Specification},
  journal={URL http://www. cl. cam. ac. uk/mgk25/iso-14977. pdf},
  volume={70},
  year={1996}
}

@book{beck2003test,
  title={Test-driven development: by example},
  author={Beck, Kent},
  year={2003},
  publisher={Addison-Wesley Professional}
}

@book{dataobjectpattern,
  title={Clean code: a handbook of agile software craftsmanship},
  author={Martin, Robert C},
  year={2009},
  publisher={Pearson Education}
}

@book{compositionoverinheritance,
  title={Design patterns: elements of reusable object-oriented software},
  author={Gamma, Erich},
  year={1995},
  publisher={Pearson Education India}
}

@book{markandsweep,
  title={The garbage collection handbook: the art of automatic memory management},
  author={Jones, Richard and Hosking, Antony and Moss, Eliot},
  year={2016},
  publisher={CRC Press}
}

@book{parr2009language,
  title={Language implementation patterns: create your own domain-specific and general programming languages},
  author={Parr, Terence},
  year={2009},
  publisher={Pragmatic Bookshelf}
}

@article{liskov1994behavioral,
  title={A behavioral notion of subtyping},
  author={Liskov, Barbara H and Wing, Jeannette M},
  journal={ACM Transactions on Programming Languages and Systems (TOPLAS)},
  volume={16},
  number={6},
  pages={1811--1841},
  year={1994},
  publisher={ACM}
}

@book{abelson1996structure,
  title={Structure and interpretation of computer programs},
  author={Abelson, Harold and Sussman, Gerald Jay and Sussman, Julie},
  year={1996},
  publisher={Justin Kelly}
}







