% Pandoc, LaTeX and attributions
@online{build-script,
	title = {Persimmon docs},
	author = {√Ålvaro Bermejo},
	url = {https://github.com/blorente/Persimmon/tree/master/docs},
	year = {2017},
	urldate = {2017-03-13},
}

@online{emerald,
  title = {emerald-harvard.csl},
  author = {Sebastian Karcher},
  url = {https://github.com/citation-style-language/styles/blob/master/emerald-harvard.csl},
  year = {2015},
  urldate = {2016-12-16},
}

@online{pgfgantt,
  title = {A LaTeX package for drawing gantt plots using pgf},
  author = {Wolfgang Skala},
  year = {2011},
  url = {https://www.ctan.org/pkg/pgfgantt},
  urldate = {2016-12-16},
}

@online{pandoc,
  title = {Pandoc: a universal document converter},
  author = {John MacFarlane},
  year = {2006},
  url = {https://ww.pandoc.org},
  urldate = {2016-12-16},
}
